@article{canaan2011all,
  title={All about Fibonacci: A python approach},
  author={Canaan, C and Garai, MS and Daya, M},
  journal={World Applied Programming journal, no. April},
  pages={72},
  year={2011},
  publisher={Citeseer}
}